<?xml version="1.0" encoding="UTF-8"?><record xmlns="http://www.loc.gov/MARC21/slim" xmlns:cinclude="http://apache.org/cocoon/include/1.0" xmlns:zs="http://www.loc.gov/zing/srw/">
  <leader>00346cz  a2200121n  4500</leader>
  <controlfield tag="001">n 2001045865</controlfield>
  <controlfield tag="003">DLC</controlfield>
  <controlfield tag="005">20011004151555.0</controlfield>
  <controlfield tag="008">011002n| acannaabn          |n aaa      </controlfield>
  <datafield tag="010" ind1=" " ind2=" ">
    <subfield code="a">n 2001045865</subfield>
  </datafield>
  <datafield tag="040" ind1=" " ind2=" ">
    <subfield code="a">DLC</subfield>
    <subfield code="b">eng</subfield>
    <subfield code="c">DLC</subfield>
    <subfield code="d">DLC</subfield>
  </datafield>
  <datafield tag="100" ind1="1" ind2=" ">
    <subfield code="a">Astemirova, F. B.</subfield>
  </datafield>
  <datafield tag="670" ind1=" " ind2=" ">
    <subfield code="a">Russko-kumykskiiĚ slovarĘš, 1997:</subfield>
    <subfield code="b">tipped-in slip on t.p. verso (Astemirova F.B.)</subfield>
  </datafield>
</record>